@Misc{SciPy,
  author =    {Eric Jones and Travis Oliphant and Pearu Peterson and others},
  title =     {{SciPy}: Open source scientific tools for {Python}},
  year =      {2001--},
  url = "http://www.scipy.org/"
}

@Misc{NumPy,
  author = {Charles Harris and Travis Oliphant and  David Cournapeau and Pearu Peterson and others}
  title =     {{NumPy}: the fundamental package for scientific computing with {Python}},
  year =      {2006--},
  url = "http://www.numpy.org/"
}

@Article{WCV2011,
  author =       {Stéfan {van der Walt} and S. Chris Colbert and
                  Gaël Varoquaux},
  title =        {The NumPy Array: A Structure for Efficient Numerical
                  Computation},
  journal =      {Computing in Science & Engineering},
  year =         2011,
  volume =       13,
  number =       2,
  pages =        {22-30},
  url =          {http://scitation.aip.org/content/aip/journal/cise/13/2/10.1109/MCSE.2011.37},
  doi =          {10.1109/MCSE.2011.37}
}


@Article{SciPy0180,
  title        = {scipy: 0.18.0},
  month        = aug,
  year         = 2016,
  doi          = {10.5281/zenodo.60419},
  url          = {https://doi.org/10.5281/zenodo.60419}
}


@Article{SciPy0181},
  title        = {scipy/scipy: SciPy 0.18.1},
  month        = sep,
  year         = 2016,
  doi          = {10.5281/zenodo.154391},
  url          = {https://doi.org/10.5281/zenodo.154391}
}
