@article{behnel2011cython,
  title={Cython: The best of both worlds},
  author={Behnel, Stefan and Bradshaw, Robert and Citro, Craig and Dalcin, Lisandro and Seljebotn, Dag Sverre and Smith, Kurt},
  journal={Computing in Science \& Engineering},
  volume={13},
  number={2},
  pages={31--39},
  year={2011},
  publisher={IEEE}
}

@article{peterson2009f2py,
  title={F2PY: a tool for connecting Fortran and Python programs},
  author={Peterson, Pearu},
  journal={International Journal of Computational Science and Engineering},
  volume={4},
  number={4},
  pages={296--305},
  year={2009},
  publisher={Inderscience Publishers}
}

@article{kuhn1955hungarian,
  title={The Hungarian method for the assignment problem},
  author={Kuhn, Harold W},
  journal={Naval Research Logistics (NRL)},
  volume={2},
  number={1-2},
  pages={83--97},
  year={1955},
  publisher={Wiley Online Library}
}

@article{kuhn1956variants,
  title={Variants of the Hungarian method for assignment problems},
  author={Kuhn, Harold W},
  journal={Naval Research Logistics (NRL)},
  volume={3},
  number={4},
  pages={253--258},
  year={1956},
  publisher={Wiley Online Library}
}

@misc{netlib,
  title = {The {NETLIB LP} Test Problem Set},
  howpublished = {\url{http://www.numerical.rl.ac.uk/cute/netlib.html}},
  note = {Accessed: 2018-02-20}
}

@incollection{andersen2000mosek,
  title={The MOSEK interior point optimizer for linear programming: an implementation of the homogeneous algorithm},
  author={Andersen, Erling D and Andersen, Knud D},
  booktitle={High performance optimization},
  pages={197--232},
  year={2000},
  publisher={Springer}
}

@article{andersen1995presolving,
  title={Presolving in linear programming},
  author={Andersen, Erling D and Andersen, Knud D},
  journal={Mathematical Programming},
  volume={71},
  number={2},
  pages={221--245},
  year={1995},
  publisher={Springer}
}

@article{steihaug_conjugate_1983,
  title = {The Conjugate Gradient Method and Trust Regions in Large Scale Optimization},
  volume = {20},
  timestamp = {2017-08-20T17:49:21Z},
  number = {3},
  journal = {SIAM Journal on Numerical Analysis},
  author = {Steihaug, Trond},
  year = {1983},
  pages = {626--637}
}

@book{nocedal_numerical_2006,
  edition = {Second},
  title = {Numerical {{Optimization}}},
  timestamp = {2017-08-20T17:53:08Z},
  publisher = {{Springer Science \& Business Media}},
  author = {Nocedal, Jorge and Wright, Stephen},
  year = {2006}
}

@article{more_computing_1983,
  title = {Computing a Trust Region Step},
  volume = {4},
  timestamp = {2017-08-20T17:53:10Z},
  number = {3},
  journal = {SIAM Journal on Scientific and Statistical Computing},
  author = {Mor{\'e}, Jorge J and Sorensen, Danny C},
  year = {1983},
  pages = {553--572}
}

@article{gould_solving_1999,
  title = {Solving the Trust-Region Subproblem Using the {{Lanczos}} Method},
  volume = {9},
  timestamp = {2018-03-26T20:21:12Z},
  number = {2},
  journal = {SIAM Journal on Optimization},
  author = {Gould, Nicholas I. M. and Lucidi, Stefano and Roma, Massimo and Toint, Philippe L},
  year = {1999},
  pages = {504--525}
}

@article{dennis_jr_adaptive_1981-1,
  title = {An Adaptive Nonlinear Least-Squares Algorithm},
  volume = {7},
  timestamp = {2017-09-18T14:45:29Z},
  number = {3},
  journal = {ACM Transactions on Mathematical Software (TOMS)},
  author = {Dennis Jr, John E and Gay, David M and Walsh, Roy E},
  year = {1981},
  pages = {348--368}
}

@article{powell_new_1970,
  title = {A New Algorithm for Unconstrained Optimization},
  timestamp = {2017-08-20T17:51:22Z},
  journal = {Nonlinear programming},
  author = {Powell, Michael JD},
  year = {1970},
  pages = {31--65}
}

@book{conn_trust_2000,
  title = {Trust {{Region Methods}}},
  timestamp = {2017-08-20T17:53:23Z},
  publisher = {{SIAM}},
  author = {Conn, Andrew R and Gould, Nicholas IM and Toint, Philippe L},
  year = {2000}
}

@inproceedings{yuan_review_2000,
  title = {A Review of Trust Region Algorithms for Optimization},
  volume = {99},
  timestamp = {2017-09-11T21:35:46Z},
  urldate = {2017-09-11},
  booktitle = {{{ICIAM}}},
  author = {Yuan, Ya-xiang},
  year = {2000},
  pages = {271--282}
}

@article{tseng_convergence_2001,
  title = {Convergence of a Block Coordinate Descent Method for Nondifferentiable Minimization},
  volume = {109},
  timestamp = {2018-02-23T22:31:39Z},
  number = {3},
  urldate = {2017-09-13},
  journal = {Journal of Optimization Theory and Applications},
  author = {Tseng, Paul},
  year = {2001},
  pages = {475--494}
}

@article{byrd_representations_1994,
  title = {Representations of Quasi-{{Newton}} Matrices and Their Use in Limited Memory Methods},
  volume = {63},
  issn = {0025-5610, 1436-4646},
  doi = {10.1007/BF01582063},
  abstract = {We derive compact representations of BFGS and symmetric rank-one matrices for optimization. These representations allow us to efficiently implement limited memory methods for large constrained optimization problems. In particular, we discuss how to compute projections of limited memory matrices onto subspaces. We also present a compact representation of the matrices generated by Broyden's update for solving systems of nonlinear equations.},
  language = {en},
  timestamp = {2017-10-30T10:15:48Z},
  number = {1-3},
  urldate = {2017-10-30},
  journal = {Mathematical Programming},
  author = {Byrd, Richard H. and Nocedal, Jorge and Schnabel, Robert B.},
  month = jan,
  year = {1994},
  pages = {129--156}
}

@article{nelder_simplex_1965,
  title = {A Simplex Method for Function Minimization},
  volume = {7},
  issn = {0010-4620},
  timestamp = {2018-03-26T19:50:50Z},
  number = {4},
  journal = {The computer journal},
  author = {Nelder, John A and Mead, Roger},
  year = {1965},
  pages = {308--313}
}

@article{powell_efficient_1964,
  title = {An Efficient Method for Finding the Minimum of a Function of Several Variables without Calculating Derivatives},
  volume = {7},
  issn = {0010-4620},
  timestamp = {2018-03-26T19:55:46Z},
  number = {2},
  journal = {The computer journal},
  author = {Powell, Michael JD},
  year = {1964},
  pages = {155--162}
}

@article{polak_note_1969,
  title = {Note Sur La Convergence de M{\'e}thodes de Directions Conjugu{\'e}es},
  volume = {3},
  issn = {0373-8000},
  timestamp = {2018-03-26T19:58:14Z},
  number = {16},
  journal = {Revue fran{\c c}aise d'informatique et de recherche op{\'e}rationnelle. S{\'e}rie rouge},
  author = {Polak, Elijah and Ribiere, Gerard},
  year = {1969},
  pages = {35--43}
}

@incollection{powell_direct_1994,
  title = {A Direct Search Optimization Method That Models the Objective and Constraint Functions by Linear Interpolation},
  timestamp = {2018-03-26T20:34:42Z},
  booktitle = {Advances in Optimization and Numerical Analysis},
  publisher = {{Springer}},
  author = {Powell, Michael JD},
  year = {1994},
  pages = {51--67}
}

@article{nash_newton-type_1984,
  title = {Newton-Type Minimization via the {{Lanczos}} Method},
  volume = {21},
  timestamp = {2018-03-26T20:33:05Z},
  number = {4},
  journal = {SIAM Journal on Numerical Analysis},
  author = {Nash, Stephen G.},
  year = {1984},
  pages = {770--788}
}

@article{zhu_algorithm_1997,
  title = {Algorithm 778: {{L}}-{{BFGS}}-{{B}}: {{Fortran}} Subroutines for Large-Scale Bound-Constrained Optimization},
  volume = {23},
  issn = {0098-3500},
  timestamp = {2018-03-26T20:00:43Z},
  number = {4},
  journal = {ACM Transactions on Mathematical Software (TOMS)},
  author = {Zhu, Ciyou and Byrd, Richard H and Lu, Peihuang and Nocedal, Jorge},
  year = {1997},
  pages = {550--560}
}

@article{byrd_limited_1995,
  title = {A Limited Memory Algorithm for Bound Constrained Optimization},
  volume = {16},
  issn = {1064-8275},
  timestamp = {2018-03-26T20:23:51Z},
  number = {5},
  journal = {SIAM Journal on Scientific Computing},
  author = {Byrd, Richard H and Lu, Peihuang and Nocedal, Jorge and Zhu, Ciyou},
  year = {1995},
  pages = {1190--1208}
}

@article{lenders_trlib:_2016,
  title         = {trlib: {A} vector-free implementation of the {GLTR} method for iterative solution of the trust region problem},
  author        = {F. Lenders and C. Kirches and A. Potschka},
  journal       = {Optimization Methods and Software},
  publisher     = {Taylor & Francis},
  year          = {2018},
  doi           = {10.1080/10556788.2018.1449842},
  url           = {https://doi.org/10.1080/10556788.2018.1449842}
}

@article{wright_direct_1996,
  title = {Direct Search Methods: {{Once}} Scorned, Now Respectable},
  issn = {0269-3674},
  timestamp = {2018-03-26T20:21:17Z},
  journal = {Pitman Research Notes in Mathematics Series},
  author = {Wright, Margaret H},
  year = {1996},
  pages = {191--208}
}

@article{powell_direct_1998,
  title = {Direct Search Algorithms for Optimization Calculations},
  volume = {7},
  issn = {1474-0508},
  timestamp = {2018-03-26T20:35:49Z},
  journal = {Acta numerica},
  author = {Powell, MJD},
  year = {1998},
  pages = {287--336}
}

@article{powell_view_2007,
  title = {A View of Algorithms for Optimization without Derivatives},
  volume = {43},
  issn = {1361-2042},
  timestamp = {2018-03-26T20:36:22Z},
  number = {5},
  journal = {Mathematics Today-Bulletin of the Institute of Mathematics and its Applications},
  author = {Powell, Michael JD},
  year = {2007},
  pages = {170--174}
}

@article{kraft_software_1988,
  title = {A Software Package for Sequential Quadratic Programming},
  issn = {0171-1342},
  timestamp = {2018-03-26T20:37:30Z},
  journal = {Forschungsbericht- Deutsche Forschungs- und Versuchsanstalt fur Luft- und Raumfahrt},
  author = {Kraft, Dieter},
  year = {1988}
}

@article{schittkowski_nonlinear_1982,
  title = {The Nonlinear Programming Method of {{Wilson}}, {{Han}}, and {{Powell}} with an Augmented {{Lagrangian}} Type Line Search Function. {{Part}} 1: {{Convergence}} Analysis.},
  volume = {38},
  issn = {0029-599X, 0945-3245},
  doi = {10.1007/BF01395810},
  abstract = {SummaryThe paper represents an outcome of an extensive comparative study of nonlinear optimization algorithms. This study indicates that quadratic approximation methods which are characterized by solving a sequence of quadratic subproblems recursively, belong to the most efficient and reliable nonlinear programming algorithms available at present. The purpose of this paper is to analyse the theoretical convergence properties and to investigate the numerical performance in more detail. In Part 1, the exactL1-penalty function of Han and Powell is replaced by a differentiable augmented Lagrange function for the line search computation to be able to prove the global convergence and to show that the steplength one is chosen in the neighbourhood of a solution. In Part 2, the quadratic subproblem is exchanged by a linear least squares problem to improve the efficiency, and to test the dependence of the performance from different solution methods for the quadratic or least squares subproblem.},
  number = {1},
  urldate = {2018-03-28},
  journal = {Numerische Mathematik},
  author = {Schittkowski, Klaus},
  month = feb,
  year = {1982},
  pages = {83--114}
}

@article{schittkowski_nonlinear_1982-1,
  title = {The Nonlinear Programming Method of {{Wilson}}, {{Han}}, and {{Powell}} with an Augmented {{Lagrangian}} Type Line Search Function. {{Part}} 2: {{An}} Efficient Implementation with Linear Least Squares Subproblems},
  volume = {38},
  issn = {0029-599X, 0945-3245},
  doi = {10.1007/BF01395811},
  abstract = {SummaryThe paper represents an outcome of an extensive comparative study of nonlinear optimization algorithms. This study indicates that quadratic approximation methods which are characterized by solving a sequence of quadratic subproblems recursively, belong to the most efficient and reliable nonlinear programming algorithms available at present. The purpose of this paper is to analyse the theoretical convergence properties and to investigate the numerical performance in more detail. In Part 1, the exactL1-penalty function of Han and Powell is replaced by a differentiable augmented Lagrange function for the line search computation to the able to prove the global convergence and to show that the steplength one is chosen in the neighbourhood of a solution. In Part 2, the quadratic subproblem is exchanged by a linear least squares problem to improve the efficiency, and to test the dependence of the performance from different solution methods for the quadratic or least squares subproblems.},
  number = {1},
  urldate = {2018-03-28},
  journal = {Numerische Mathematik},
  author = {Schittkowski, Klaus},
  month = feb,
  year = {1982},
  pages = {115--127},
}

@article{schittkowski_convergence_1983,
  title = {On the Convergence of a Sequential Quadratic Programming Method with an Augmented Lagrangian Line Search Function},
  volume = {14},
  issn = {0323-3898},
  doi = {10.1080/02331938308842847},
  number = {2},
  journal = {Mathematische Operationsforschung und Statistik. Series Optimization},
  author = {Schittkowski, Klaus},
  month = jan,
  year = {1983},
  pages = {197--216}
}

@Article{Wales1997,
  author  = {Wales, D.J. and Doye, J. P. K.},
  title   = {Global Optimization by Basin-Hopping and the Lowest Energy Structures of Lennard-Jones Clusters Containing up to 110 Atoms},
  journal = {Journal of Physical Chemistry A},
  year    = {1997},
  volume  = {101},
  pages   = {5111},
}

@Article{Storn1997,
  author  = {Storn, R and Price, K},
  title   = {Differential Evolution - a Simple and Efficient Heuristic for Global Optimization over Continuous Spaces},
  journal = {Journal of Global Optimization},
  year    = {1997},
  volume  = {11},
  pages   = {341-359},
}

@Article{Wormington1999,
  author  = {Wormington, Matthew and Panaccione, Charles and Matney Kevin M. and Bowen, D. Keith},
  title   = {Characterization of structures from X-ray scattering data using genetic algorithms},
  journal = {Phil. Trans. R. Soc. Lond. A},
  year    = {1999},
  volume  = {357},
  pages   = {2827–2848},
}

@misc{CODATA2014,
  howpublished="\url{http://physics.nist.gov/cuu/Constants/index.html}",
  author="NIST",
  title= "{CODATA} 2014 recommended values of the fundamental physical constants",
  year="2014"
}

@online{SciPyProjectGovernance,
author = {{The SciPy Community}},
title = {{SciPy} Project Governance},
year = 2017,
url = {https://docs.scipy.org/doc/scipy/reference/dev/governance/governance.html},
urldate = {2018-06-01}
}

@online{SciPyCodeOfConduct,
author = {{The SciPy Community}},
title = {{SciPy} Code of Conduct},
year = 2017,
url = {https://docs.scipy.org/doc/scipy/reference/dev/conduct/code_of_conduct.html},
urldate = {2018-06-01}
}

@online{ApacheCodeOfConduct,
author = {{Apache Software Foundation}},
title = {Apache Software Foundation Code of Conduct},
year = 2018,
url = {https://www.apache.org/foundation/policies/conduct.html},
urldate = {2018-06-01}
}

@online{ContributorConvenant,
author = {Ada Ehmke, Coraline},
title = {A Code of Conduct for Open Source Projects},
year = 2014,
url = {https://www.contributor-covenant.org/},
urldate = {2018-06-01}
}

@online{Jupyter_COC,
author = {Perez, Fernando and Panda, Yuvi and Ivanov, Paul and Grout, Jason },
title = {Project {J}upyter Code of Conduct},
year = 2017,
url = {https://github.com/jupyter/governance/blob/master/conduct/code_of_conduct.md},
urldate = {2018-06-01}
}

@online{OSG_COC,
author = {Eghbal, Nadia and Keepers, Brandon and Wills, Stephanie and
	Linksvayer, Mike},
title = {Open Source Guides: Your Code of Conduct},
year = 2018,
url = {https://opensource.guide/code-of-conduct/},
urldate = {2018-06-01}
}

@Misc{SciPylib,
  author = {Eric Jones and Travis Oliphant and Pearu Peterson and others},
  title =  {{SciPy}: Open source scientific tools for {Python}},
  year =   {2001--},
  url = "http://www.scipy.org/",
  note = {[Online; accessed 2018-06-28]}
}

@Article{PER-GRA:2007,
  Author    = {P\'erez, Fernando and Granger, Brian E.},
  Title     = {{IP}ython: a System for Interactive Scientific Computing},
  Journal   = {Computing in Science and Engineering},
  Volume    = {9},
  Number    = {3},
  Pages     = {21--29},
  month     = may,
  year      = 2007,
  url       = "http://ipython.org",
  ISSN      = "1521-9615",
  doi       = {10.1109/MCSE.2007.53},
  publisher = {IEEE Computer Society},
}

@Article{pmid17287757,
   Author="Keiser, M. J.  and Roth, B. L.  and Armbruster, B. N.  and Ernsberger, P.  and Irwin, J. J.  and Shoichet, B. K. ",
   Title="{{R}elating protein pharmacology by ligand chemistry}",
   Journal="Nat. Biotechnol.",
   Year="2007",
   Volume="25",
   Number="2",
   Pages="197--206",
   Month="Feb"
}

@article{1475-7516-2012-08-007,
  author={Christoph Weniger},
  title={A tentative gamma-ray line from Dark Matter annihilation at the Fermi Large Area Telescope},
  journal={Journal of Cosmology and Astroparticle Physics},
  volume={2012},
  number={08},
  pages={007},
  url={http://stacks.iop.org/1475-7516/2012/i=08/a=007},
  year={2012},
}

@article{SWARZTRAUBER198445,
title = "FFT algorithms for vector computers",
journal = "Parallel Computing",
volume = "1",
number = "1",
pages = "45 - 63",
year = "1984",
issn = "0167-8191",
doi = "https://doi.org/10.1016/S0167-8191(84)90413-7",
url = "http://www.sciencedirect.com/science/article/pii/S0167819184904137",
author = "Paul N. Swarztrauber",
}

@incollection{SWARZTRAUBER198251,
title = "Vectorizing the FFTs**This chapter was written while the author was visiting the Scientific Computing Division at the National Bureau of Standards.",
editor = "GARRY RODRIGUE",
booktitle = "Parallel Computations",
publisher = "Academic Press",
pages = "51 - 83",
year = "1982",
isbn = "978-0-12-592101-5",
doi = "https://doi.org/10.1016/B978-0-12-592101-5.50007-5",
url = "http://www.sciencedirect.com/science/article/pii/B9780125921015500075",
author = "Paul N. Swarztrauber"
}

@book{Koelbel:1993:HPF:562354,
 author = {Koelbel, Charles H. and Zosel, Mary E.},
 title = {The High Performance {FORTRAN} Handbook},
 year = {1993},
 isbn = {0262111853},
 publisher = {MIT Press},
 address = {Cambridge, MA, USA},
}

@book{citeulike:2644528,
    address = {North-Holland Amsterdam},
    author = {Hindmarsh, A. C.},
    booktitle = {Scientific Computing},
    citeulike-article-id = {2644528},
    editor = {Stepleman, R. S.},
    journal = {IMACS Transactions on Scientific Computation},
    keywords = {numerics, ode, sstoma},
    pages = {55--64},
    posted-at = {2008-04-09 13:29:07},
    priority = {2},
    series = {IMACS Transactions on Scientific Computation},
    title = {{ODEPACK, A Systematized Collection of ODE Solvers , R. S. Stepleman et al. (eds.), North-Holland, Amsterdam, (vol. 1 of ), pp. 55-64.}},
    volume = {1},
    year = {1983}
}

@BOOK{1983qspa.book.....P,
   author = {{Piessens}, R. and {de Doncker-Kapenga}, E. and {Ueberhuber}, C.~W.
	},
    title = "{Quadpack. A subroutine package for automatic integration}",
booktitle = {Springer Series in Computational Mathematics, Berlin: Springer, 1983},
     year = 1983,
   adsurl = {http://adsabs.harvard.edu/abs/1983qspa.book.....P},
  adsnote = {Provided by the SAO/NASA Astrophysics Data System}
}

@book{Dierckx:1993:CSF:151103,
 author = {Dierckx, Paul},
 title = {Curve and Surface Fitting with Splines},
 year = {1993},
 isbn = {0-19-853441-8},
 publisher = {Oxford University Press, Inc.},
 address = {New York, NY, USA},
}

@book{deBoor1978,
 author = {de Boor, Carl},
 title = {A practical guide to splines},
 year = {1978},
 publisher = {Springer-Verlag},
}


@online{FITPACK,
author = {Dierckx, Paul},
title = {{FITPACK}},
url = {http://netlib.org/dierckx/},
}


@article{FritschCarlson1980,
    author = {Fritsch, F. N. and Carlson, R. E.},
    title = {Monotone Piecewise Cubic Interpolation},
    journal = {SIAM Journal on Numerical Analysis},
    volume = {17},
    number = {2},
    year = {1980},
    pages = {238-246},
}

@article{Akima1970,
    author = {H. Akima},
    title = {A New Method of Interpolation and Smooth Curve Fitting Based on Local Procedures},
    journal = {Journal of ACM},
    volume = {17},
    number = {4},
    year = {1970},
    pages = {589-602},
}

@book{ODRPACK_Boggs,
 author = {Boggs, Paul T. and Byrd, Richard H. and Rogers, Janet E. and Schnabel, Robert B.},
 title = {User's Reference Guide for ODRPACK Version 2.01 Software for Weight
	 Orthogonal Distance Regression},
 year = {1992},
 publisher = {U.S. Department of Commerce, National Institute of Standards and
 Technology},
}


@book{osti_6997568,
title = {User guide for MINPACK-1. [In FORTRAN]},
author = {More, J. J. and Garbow, B. S. and Hillstrom, K. E.},
abstractNote = {MINPACK-1 is a pack of FORTRAN subprograms for the numerical solution of nonlinear equations and nonlinear least-squares problems. This report provides an overview of the algorithms and software in the package, and includes the documentation and program listings.},
doi = {10.2172/6997568},
year = {1980},
month = {8},
publisher = {Argonne National Laboratory Report ANL-80-74},
}

@techreport{leh:sor:yan96,
    author = {Lehoucq and Sorensen and Yang, C.},
    citeulike-article-id = {315452},
    institution = {Rice University},
    keywords = {bibtex-import},
    posted-at = {2005-09-10 19:11:48},
    priority = {2},
    title = {{ARPACK Users' Guide: Solution of Large Scale Eigenvalue Problems with Implicitly Restarted Arnoldi Methods.}},
    year = {1996}
}

@techreport{eghbal2016,
    author = {Eghbal, Nadia},
    institution = {Ford Foundation},
    posted-at = {2016-07-14},
    title = {{Roads and Bridges: The Unseen Labor Behind Our Digital Infrastructure}},
    year = {2016}
}

@article{Amos:1986:APP:7921.214331,
 author = {Amos, D. E.},
 title = {Algorithm 644: A Portable Package for Bessel Functions of a Complex Argument and Nonnegative Order},
 journal = {ACM Trans. Math. Softw.},
 issue_date = {Sept. 1986},
 volume = {12},
 number = {3},
 month = sep,
 year = {1986},
 issn = {0098-3500},
 pages = {265--273},
 numpages = {9},
 url = {http://doi.acm.org/10.1145/7921.214331},
 doi = {10.1145/7921.214331},
 acmid = {214331},
 publisher = {ACM},
 address = {New York, NY, USA},
 keywords = {H, I, J, K, and Y Bessel functions, complex Bessel functions, complex airy functions, derivatives of airy functions, log gamma function},
}

@online{CDFLIB_site,
author = {Brown, Barry and Lovato, James and Russell, Kathy},
title = {{CDFLIB}},
url = {https://people.sc.fsu.edu/~jburkardt/f_src/cdflib/cdflib.html},
urldate = {2018-07-06}
}

@book{Kernighan:1988:CPL:576122,
 author = {Kernighan, Brian W.},
 editor = {Ritchie, Dennis M.},
 title = {The  C Programming Language},
 year = {1988},
 isbn = {0131103709},
 edition = {2nd},
 publisher = {Prentice Hall Professional Technical Reference},
}

@article{doi:10.1080/10556788.2018.1449842,
author = {F. Lenders and C. Kirches and A. Potschka},
title = {trlib: a vector-free implementation of the GLTR method for iterative solution of the trust region problem},
journal = {Optimization Methods and Software},
volume = {33},
number = {3},
pages = {420-449},
year  = {2018},
publisher = {Taylor & Francis},
doi = {10.1080/10556788.2018.1449842},
URL = { 
        https://doi.org/10.1080/10556788.2018.1449842
},
eprint = { 
        https://doi.org/10.1080/10556788.2018.1449842
}
}

@techreport{superlu_ug99,
     AUTHOR = {X.S. Li and J.W. Demmel and J.R. Gilbert and iL. Grigori and M. Shao and
          I. Yamazaki},
     INSTITUTION = {Lawrence Berkeley National Laboratory},
     NUMBER = {LBNL-44289},
     TITLE = {{SuperLU Users' Guide}},
     MONTH = {September},
     YEAR = {1999},
     NOTE = "\url{http://crd.lbl.gov/~xiaoye/SuperLU/}.
             Last update: August 2011"
}

@article{li05,
    AUTHOR = {Xiaoye S. Li},
    TITLE = {An Overview of {SuperLU}: Algorithms, Implementation,
             and User Interface},
    journal = toms,
    volume = {31},
    number = {3},
    month = {September},
    year = {2005},
    pages = {302-325},
}

@article{Barber:1996:QAC:235815.235821,
 author = {Barber, C. Bradford and Dobkin, David P. and Huhdanpaa, Hannu},
 title = {The Quickhull Algorithm for Convex Hulls},
 journal = {ACM Trans. Math. Softw.},
 issue_date = {Dec. 1996},
 volume = {22},
 number = {4},
 month = dec,
 year = {1996},
 issn = {0098-3500},
 pages = {469--483},
 numpages = {15},
 url = {http://doi.acm.org/10.1145/235815.235821},
 doi = {10.1145/235815.235821},
 acmid = {235821},
 publisher = {ACM},
 address = {New York, NY, USA},
 keywords = {Delaunay triangulation, Voronoi diagram, convex hull, halfspace intersection},
}

@online{cephes_netlib,
author = {Stephen L. Moshier},
title = {{Cephes}},
url = {http://www.netlib.org/cephes/readme},
urldate = {2018-07-06}
}

@inproceedings{Bolz:2009:TMP:1565824.1565827,
 author = {Bolz, Carl Friedrich and Cuni, Antonio and Fijalkowski, Maciej and Rigo, Armin},
 title = {Tracing the Meta-level: PyPy's Tracing JIT Compiler},
 booktitle = {Proceedings of the 4th Workshop on the Implementation, Compilation, Optimization of Object-Oriented Languages and Programming Systems},
 series = {ICOOOLPS '09},
 year = {2009},
 isbn = {978-1-60558-541-3},
 location = {Genova, Italy},
 pages = {18--25},
 numpages = {8},
 url = {http://doi.acm.org/10.1145/1565824.1565827},
 doi = {10.1145/1565824.1565827},
 acmid = {1565827},
 publisher = {ACM},
 address = {New York, NY, USA},
}

@inproceedings{Lam:2015:NLP:2833157.2833162,
 author = {Lam, Siu Kwan and Pitrou, Antoine and Seibert, Stanley},
 title = {Numba: A LLVM-based Python JIT Compiler},
 booktitle = {Proceedings of the Second Workshop on the LLVM Compiler Infrastructure in HPC},
 series = {LLVM '15},
 year = {2015},
 isbn = {978-1-4503-4005-2},
 location = {Austin, Texas},
 pages = {7:1--7:6},
 articleno = {7},
 numpages = {6},
 url = {http://doi.acm.org/10.1145/2833157.2833162},
 doi = {10.1145/2833157.2833162},
 acmid = {2833162},
 publisher = {ACM},
 address = {New York, NY, USA},
 keywords = {LLVM, Python, compiler},
}

@article{Sproull:1991:RNS:3118219.3118331,
 author = {Sproull, Robert F.},
 title = {Refinements to Nearest-neighbor Searching In k-dimensional Trees},
 journal = {Algorithmica},
 issue_date = {June      1991},
 volume = {6},
 number = {1-6},
 month = jun,
 year = {1991},
 issn = {0178-4617},
 pages = {579--589},
 numpages = {11},
 url = {https://doi.org/10.1007/BF01759061},
 doi = {10.1007/BF01759061},
 acmid = {3118331},
 publisher = {Springer-Verlag New York, Inc.},
 address = {Secaucus, NJ, USA},
 keywords = {Nearest-neighbor search, Searching, k-dimensional tree},
}

@book{Cormen:2001:IA:580470,
 author = {Cormen, Thomas H. and Stein, Clifford and Rivest, Ronald L. and Leiserson, Charles E.},
 title = {Introduction to Algorithms},
 year = {2001},
 isbn = {0070131511},
 edition = {2nd},
 publisher = {McGraw-Hill Higher Education},
}

@article{Bentley:1975:MBS:361002.361007,
 author = {Bentley, Jon Louis},
 title = {Multidimensional Binary Search Trees Used for Associative Searching},
 journal = {Commun. ACM},
 issue_date = {Sept. 1975},
 volume = {18},
 number = {9},
 month = sep,
 year = {1975},
 issn = {0001-0782},
 pages = {509--517},
 numpages = {9},
 url = {http://doi.acm.org/10.1145/361002.361007},
 doi = {10.1145/361002.361007},
 acmid = {361007},
 publisher = {ACM},
 address = {New York, NY, USA},
 keywords = {associative retrieval, attribute, binary search trees, binary tree insertion, information retrieval system, intersection queries, key, nearest neighbor queries, partial match queries},
}

@InProceedings{10.1007/978-3-540-75755-9_107,
author="Aspn{\"a}s, Mats
and Signell, Artur
and Westerholm, Jan",
editor="K{\aa}gstr{\"o}m, Bo
and Elmroth, Erik
and Dongarra, Jack
and Wa{\'{s}}niewski, Jerzy",
title="Efficient Assembly of Sparse Matrices Using Hashing",
booktitle="Applied Parallel Computing. State of the Art in Scientific Computing",
year="2007",
publisher="Springer Berlin Heidelberg",
address="Berlin, Heidelberg",
pages="900--907",
isbn="978-3-540-75755-9"
}

@online{SciPy_roadmap,
author = {{The SciPy Project Community}},
title = {SciPy {R}oadmap},
year = 2018,
url = {https://docs.scipy.org/doc/scipy/reference/roadmap.html},
urldate = {2018-06-27}
}

@online{SciPy_tutorials,
author = {{The SciPy Project Community}},
title = {SciPy {T}utorial},
year = 2018,
url = {https://docs.scipy.org/doc/scipy/reference/tutorial/},
urldate = {2018-06-28}
}


@InProceedings{abbasi2018sparse,
  author    = {{H}ameer {A}bbasi},
  title     = {{S}parse: {A} more modern sparse array library},
  booktitle = {{P}roceedings of the 17th {P}ython in {S}cience {C}onference},
  pages     = {27-30},
  year      = {2018},
  editor    = {{F}atih {A}kici and {D}avid {L}ippa and {D}illon {N}iederhut and {M} {P}acer},
  doi       = {}
}

@article{0004-637X-750-1-38,
  author={Ann M. Martin and Riccardo Giovanelli and Martha P. Haynes and Luigi Guzzo},
  title={The Clustering Characteristics of {HI}-selected Galaxies from the 40\%
	  {ALFALFA} Survey},
  journal={The Astrophysical Journal},
  volume={750},
  number={1},
  pages={38},
  url={http://stacks.iop.org/0004-637X/750/i=1/a=38},
  year={2012}
}

@inproceedings{Moore2000ar,
      author         = "Moore, Andrew W. and others",
      title          = "{Fast algorithms and efficient statistics: N-point
                        correlation functions}",
      booktitle      = "{Proceedings, MPA / ESO / MPE Joint Astronomy Conference:
                        Mining the Sky: Garching, Germany, July 31-August 4,
                        2000}",
      year           = "2001",
      pages          = "71-82",
      doi            = "10.1007/10849171\_5",
      eprint         = "astro-ph/0012333",
      archivePrefix  = "arXiv",
      primaryClass   = "astro-ph",
}

@online{pypinfo,
author = {Lev, Ofek and Dufresne, Jon and Kasim, Rahiel and Skinn, Brian and
	Wilk, Jakub},
title = {{pypinfo: View PyPI download statistics with ease}},
year = 2018,
url = {https://github.com/ofek/pypinfo},
urldate = {2018-07-25}
}

@article{PhysRevLett.116.061102,
  title = {Observation of Gravitational Waves from a Binary Black Hole Merger},
  author = {Abbott, B. P. and Abbott, R. and Abbott, T. D. and Abernathy, M. R. and Acernese, F. and Ackley, K. and Adams, C. and Adams, T. and Addesso, P. and Adhikari, R. X. and Adya, V. B. and Affeldt, C. and Agathos, M. and Agatsuma, K. and Aggarwal, N. and Aguiar, O. D. and Aiello, L. and Ain, A. and Ajith, P. and Allen, B. and Allocca, A. and Altin, P. A. and Anderson, S. B. and Anderson, W. G. and Arai, K. and Arain, M. A. and Araya, M. C. and Arceneaux, C. C. and Areeda, J. S. and Arnaud, N. and Arun, K. G. and Ascenzi, S. and Ashton, G. and Ast, M. and Aston, S. M. and Astone, P. and Aufmuth, P. and Aulbert, C. and Babak, S. and Bacon, P. and Bader, M. K. M. and Baker, P. T. and Baldaccini, F. and Ballardin, G. and Ballmer, S. W. and Barayoga, J. C. and Barclay, S. E. and Barish, B. C. and Barker, D. and Barone, F. and Barr, B. and Barsotti, L. and Barsuglia, M. and Barta, D. and Bartlett, J. and Barton, M. A. and Bartos, I. and Bassiri, R. and Basti, A. and Batch, J. C. and Baune, C. and Bavigadda, V. and Bazzan, M. and Behnke, B. and Bejger, M. and Belczynski, C. and Bell, A. S. and Bell, C. J. and Berger, B. K. and Bergman, J. and Bergmann, G. and Berry, C. P. L. and Bersanetti, D. and Bertolini, A. and Betzwieser, J. and Bhagwat, S. and Bhandare, R. and Bilenko, I. A. and Billingsley, G. and Birch, J. and Birney, R. and Birnholtz, O. and Biscans, S. and Bisht, A. and Bitossi, M. and Biwer, C. and Bizouard, M. A. and Blackburn, J. K. and Blair, C. D. and Blair, D. G. and Blair, R. M. and Bloemen, S. and Bock, O. and Bodiya, T. P. and Boer, M. and Bogaert, G. and Bogan, C. and Bohe, A. and Bojtos, P. and Bond, C. and Bondu, F. and Bonnand, R. and Boom, B. A. and Bork, R. and Boschi, V. and Bose, S. and Bouffanais, Y. and Bozzi, A. and Bradaschia, C. and Brady, P. R. and Braginsky, V. B. and Branchesi, M. and Brau, J. E. and Briant, T. and Brillet, A. and Brinkmann, M. and Brisson, V. and Brockill, P. and Brooks, A. F. and Brown, D. A. and Brown, D. D. and Brown, N. M. and Buchanan, C. C. and Buikema, A. and Bulik, T. and Bulten, H. J. and Buonanno, A. and Buskulic, D. and Buy, C. and Byer, R. L. and Cabero, M. and Cadonati, L. and Cagnoli, G. and Cahillane, C. and Bustillo, J. Calder\'on and Callister, T. and Calloni, E. and Camp, J. B. and Cannon, K. C. and Cao, J. and Capano, C. D. and Capocasa, E. and Carbognani, F. and Caride, S. and Diaz, J. Casanueva and Casentini, C. and Caudill, S. and Cavagli\`a, M. and Cavalier, F. and Cavalieri, R. and Cella, G. and Cepeda, C. B. and Baiardi, L. Cerboni and Cerretani, G. and Cesarini, E. and Chakraborty, R. and Chalermsongsak, T. and Chamberlin, S. J. and Chan, M. and Chao, S. and Charlton, P. and Chassande-Mottin, E. and Chen, H. Y. and Chen, Y. and Cheng, C. and Chincarini, A. and Chiummo, A. and Cho, H. S. and Cho, M. and Chow, J. H. and Christensen, N. and Chu, Q. and Chua, S. and Chung, S. and Ciani, G. and Clara, F. and Clark, J. A. and Cleva, F. and Coccia, E. and Cohadon, P.-F. and Colla, A. and Collette, C. G. and Cominsky, L. and Constancio, M. and Conte, A. and Conti, L. and Cook, D. and Corbitt, T. R. and Cornish, N. and Corsi, A. and Cortese, S. and Costa, C. A. and Coughlin, M. W. and Coughlin, S. B. and Coulon, J.-P. and Countryman, S. T. and Couvares, P. and Cowan, E. E. and Coward, D. M. and Cowart, M. J. and Coyne, D. C. and Coyne, R. and Craig, K. and Creighton, J. D. E. and Creighton, T. D. and Cripe, J. and Crowder, S. G. and Cruise, A. M. and Cumming, A. and Cunningham, L. and Cuoco, E. and Canton, T. Dal and Danilishin, S. L. and D'Antonio, S. and Danzmann, K. and Darman, N. S. and Da Silva Costa, C. F. and Dattilo, V. and Dave, I. and Daveloza, H. P. and Davier, M. and Davies, G. S. and Daw, E. J. and Day, R. and De, S. and DeBra, D. and Debreczeni, G. and Degallaix, J. and De Laurentis, M. and Del\'eglise, S. and Del Pozzo, W. and Denker, T. and Dent, T. and Dereli, H. and Dergachev, V. and DeRosa, R. T. and De Rosa, R. and DeSalvo, R. and Dhurandhar, S. and D\'{\i}az, M. C. and Di Fiore, L. and Di Giovanni, M. and Di Lieto, A. and Di Pace, S. and Di Palma, I. and Di Virgilio, A. and Dojcinoski, G. and Dolique, V. and Donovan, F. and Dooley, K. L. and Doravari, S. and Douglas, R. and Downes, T. P. and Drago, M. and Drever, R. W. P. and Driggers, J. C. and Du, Z. and Ducrot, M. and Dwyer, S. E. and Edo, T. B. and Edwards, M. C. and Effler, A. and Eggenstein, H.-B. and Ehrens, P. and Eichholz, J. and Eikenberry, S. S. and Engels, W. and Essick, R. C. and Etzel, T. and Evans, M. and Evans, T. M. and Everett, R. and Factourovich, M. and Fafone, V. and Fair, H. and Fairhurst, S. and Fan, X. and Fang, Q. and Farinon, S. and Farr, B. and Farr, W. M. and Favata, M. and Fays, M. and Fehrmann, H. and Fejer, M. M. and Feldbaum, D. and Ferrante, I. and Ferreira, E. C. and Ferrini, F. and Fidecaro, F. and Finn, L. S. and Fiori, I. and Fiorucci, D. and Fisher, R. P. and Flaminio, R. and Fletcher, M. and Fong, H. and Fournier, J.-D. and Franco, S. and Frasca, S. and Frasconi, F. and Frede, M. and Frei, Z. and Freise, A. and Frey, R. and Frey, V. and Fricke, T. T. and Fritschel, P. and Frolov, V. V. and Fulda, P. and Fyffe, M. and Gabbard, H. A. G. and Gair, J. R. and Gammaitoni, L. and Gaonkar, S. G. and Garufi, F. and Gatto, A. and Gaur, G. and Gehrels, N. and Gemme, G. and Gendre, B. and Genin, E. and Gennai, A. and George, J. and Gergely, L. and Germain, V. and Ghosh, Abhirup and Ghosh, Archisman and Ghosh, S. and Giaime, J. A. and Giardina, K. D. and Giazotto, A. and Gill, K. and Glaefke, A. and Gleason, J. R. and Goetz, E. and Goetz, R. and Gondan, L. and Gonz\'alez, G. and Castro, J. M. Gonzalez and Gopakumar, A. and Gordon, N. A. and Gorodetsky, M. L. and Gossan, S. E. and Gosselin, M. and Gouaty, R. and Graef, C. and Graff, P. B. and Granata, M. and Grant, A. and Gras, S. and Gray, C. and Greco, G. and Green, A. C. and Greenhalgh, R. J. S. and Groot, P. and Grote, H. and Grunewald, S. and Guidi, G. M. and Guo, X. and Gupta, A. and Gupta, M. K. and Gushwa, K. E. and Gustafson, E. K. and Gustafson, R. and Hacker, J. J. and Hall, B. R. and Hall, E. D. and Hammond, G. and Haney, M. and Hanke, M. M. and Hanks, J. and Hanna, C. and Hannam, M. D. and Hanson, J. and Hardwick, T. and Harms, J. and Harry, G. M. and Harry, I. W. and Hart, M. J. and Hartman, M. T. and Haster, C.-J. and Haughian, K. and Healy, J. and Heefner, J. and Heidmann, A. and Heintze, M. C. and Heinzel, G. and Heitmann, H. and Hello, P. and Hemming, G. and Hendry, M. and Heng, I. S. and Hennig, J. and Heptonstall, A. W. and Heurs, M. and Hild, S. and Hoak, D. and Hodge, K. A. and Hofman, D. and Hollitt, S. E. and Holt, K. and Holz, D. E. and Hopkins, P. and Hosken, D. J. and Hough, J. and Houston, E. A. and Howell, E. J. and Hu, Y. M. and Huang, S. and Huerta, E. A. and Huet, D. and Hughey, B. and Husa, S. and Huttner, S. H. and Huynh-Dinh, T. and Idrisy, A. and Indik, N. and Ingram, D. R. and Inta, R. and Isa, H. N. and Isac, J.-M. and Isi, M. and Islas, G. and Isogai, T. and Iyer, B. R. and Izumi, K. and Jacobson, M. B. and Jacqmin, T. and Jang, H. and Jani, K. and Jaranowski, P. and Jawahar, S. and Jim\'enez-Forteza, F. and Johnson, W. W. and Johnson-McDaniel, N. K. and Jones, D. I. and Jones, R. and Jonker, R. J. G. and Ju, L. and Haris, K. and Kalaghatgi, C. V. and Kalogera, V. and Kandhasamy, S. and Kang, G. and Kanner, J. B. and Karki, S. and Kasprzack, M. and Katsavounidis, E. and Katzman, W. and Kaufer, S. and Kaur, T. and Kawabe, K. and Kawazoe, F. and K\'ef\'elian, F. and Kehl, M. S. and Keitel, D. and Kelley, D. B. and Kells, W. and Kennedy, R. and Keppel, D. G. and Key, J. S. and Khalaidovski, A. and Khalili, F. Y. and Khan, I. and Khan, S. and Khan, Z. and Khazanov, E. A. and Kijbunchoo, N. and Kim, C. and Kim, J. and Kim, K. and Kim, Nam-Gyu and Kim, Namjun and Kim, Y.-M. and King, E. J. and King, P. J. and Kinzel, D. L. and Kissel, J. S. and Kleybolte, L. and Klimenko, S. and Koehlenbeck, S. M. and Kokeyama, K. and Koley, S. and Kondrashov, V. and Kontos, A. and Koranda, S. and Korobko, M. and Korth, W. Z. and Kowalska, I. and Kozak, D. B. and Kringel, V. and Krishnan, B. and Kr\'olak, A. and Krueger, C. and Kuehn, G. and Kumar, P. and Kumar, R. and Kuo, L. and Kutynia, A. and Kwee, P. and Lackey, B. D. and Landry, M. and Lange, J. and Lantz, B. and Lasky, P. D. and Lazzarini, A. and Lazzaro, C. and Leaci, P. and Leavey, S. and Lebigot, E. O. and Lee, C. H. and Lee, H. K. and Lee, H. M. and Lee, K. and Lenon, A. and Leonardi, M. and Leong, J. R. and Leroy, N. and Letendre, N. and Levin, Y. and Levine, B. M. and Li, T. G. F. and Libson, A. and Littenberg, T. B. and Lockerbie, N. A. and Logue, J. and Lombardi, A. L. and London, L. T. and Lord, J. E. and Lorenzini, M. and Loriette, V. and Lormand, M. and Losurdo, G. and Lough, J. D. and Lousto, C. O. and Lovelace, G. and L\"uck, H. and Lundgren, A. P. and Luo, J. and Lynch, R. and Ma, Y. and MacDonald, T. and Machenschalk, B. and MacInnis, M. and Macleod, D. M. and Maga\~na-Sandoval, F. and Magee, R. M. and Mageswaran, M. and Majorana, E. and Maksimovic, I. and Malvezzi, V. and Man, N. and Mandel, I. and Mandic, V. and Mangano, V. and Mansell, G. L. and Manske, M. and Mantovani, M. and Marchesoni, F. and Marion, F. and M\'arka, S. and M\'arka, Z. and Markosyan, A. S. and Maros, E. and Martelli, F. and Martellini, L. and Martin, I. W. and Martin, R. M. and Martynov, D. V. and Marx, J. N. and Mason, K. and Masserot, A. and Massinger, T. J. and Masso-Reid, M. and Matichard, F. and Matone, L. and Mavalvala, N. and Mazumder, N. and Mazzolo, G. and McCarthy, R. and McClelland, D. E. and McCormick, S. and McGuire, S. C. and McIntyre, G. and McIver, J. and McManus, D. J. and McWilliams, S. T. and Meacher, D. and Meadors, G. D. and Meidam, J. and Melatos, A. and Mendell, G. and Mendoza-Gandara, D. and Mercer, R. A. and Merilh, E. and Merzougui, M. and Meshkov, S. and Messenger, C. and Messick, C. and Meyers, P. M. and Mezzani, F. and Miao, H. and Michel, C. and Middleton, H. and Mikhailov, E. E. and Milano, L. and Miller, J. and Millhouse, M. and Minenkov, Y. and Ming, J. and Mirshekari, S. and Mishra, C. and Mitra, S. and Mitrofanov, V. P. and Mitselmakher, G. and Mittleman, R. and Moggi, A. and Mohan, M. and Mohapatra, S. R. P. and Montani, M. and Moore, B. C. and Moore, C. J. and Moraru, D. and Moreno, G. and Morriss, S. R. and Mossavi, K. and Mours, B. and Mow-Lowry, C. M. and Mueller, C. L. and Mueller, G. and Muir, A. W. and Mukherjee, Arunava and Mukherjee, D. and Mukherjee, S. and Mukund, N. and Mullavey, A. and Munch, J. and Murphy, D. J. and Murray, P. G. and Mytidis, A. and Nardecchia, I. and Naticchioni, L. and Nayak, R. K. and Necula, V. and Nedkova, K. and Nelemans, G. and Neri, M. and Neunzert, A. and Newton, G. and Nguyen, T. T. and Nielsen, A. B. and Nissanke, S. and Nitz, A. and Nocera, F. and Nolting, D. and Normandin, M. E. N. and Nuttall, L. K. and Oberling, J. and Ochsner, E. and O'Dell, J. and Oelker, E. and Ogin, G. H. and Oh, J. J. and Oh, S. H. and Ohme, F. and Oliver, M. and Oppermann, P. and Oram, Richard J. and O'Reilly, B. and O'Shaughnessy, R. and Ott, C. D. and Ottaway, D. J. and Ottens, R. S. and Overmier, H. and Owen, B. J. and Pai, A. and Pai, S. A. and Palamos, J. R. and Palashov, O. and Palomba, C. and Pal-Singh, A. and Pan, H. and Pan, Y. and Pankow, C. and Pannarale, F. and Pant, B. C. and Paoletti, F. and Paoli, A. and Papa, M. A. and Paris, H. R. and Parker, W. and Pascucci, D. and Pasqualetti, A. and Passaquieti, R. and Passuello, D. and Patricelli, B. and Patrick, Z. and Pearlstone, B. L. and Pedraza, M. and Pedurand, R. and Pekowsky, L. and Pele, A. and Penn, S. and Perreca, A. and Pfeiffer, H. P. and Phelps, M. and Piccinni, O. and Pichot, M. and Pickenpack, M. and Piergiovanni, F. and Pierro, V. and Pillant, G. and Pinard, L. and Pinto, I. M. and Pitkin, M. and Poeld, J. H. and Poggiani, R. and Popolizio, P. and Post, A. and Powell, J. and Prasad, J. and Predoi, V. and Premachandra, S. S. and Prestegard, T. and Price, L. R. and Prijatelj, M. and Principe, M. and Privitera, S. and Prix, R. and Prodi, G. A. and Prokhorov, L. and Puncken, O. and Punturo, M. and Puppo, P. and P\"urrer, M. and Qi, H. and Qin, J. and Quetschke, V. and Quintero, E. A. and Quitzow-James, R. and Raab, F. J. and Rabeling, D. S. and Radkins, H. and Raffai, P. and Raja, S. and Rakhmanov, M. and Ramet, C. R. and Rapagnani, P. and Raymond, V. and Razzano, M. and Re, V. and Read, J. and Reed, C. M. and Regimbau, T. and Rei, L. and Reid, S. and Reitze, D. H. and Rew, H. and Reyes, S. D. and Ricci, F. and Riles, K. and Robertson, N. A. and Robie, R. and Robinet, F. and Rocchi, A. and Rolland, L. and Rollins, J. G. and Roma, V. J. and Romano, J. D. and Romano, R. and Romanov, G. and Romie, J. H. and Rosi\ifmmode \acute{n}\else \'{n}\fi{}ska, D. and Rowan, S. and R\"udiger, A. and Ruggi, P. and Ryan, K. and Sachdev, S. and Sadecki, T. and Sadeghian, L. and Salconi, L. and Saleem, M. and Salemi, F. and Samajdar, A. and Sammut, L. and Sampson, L. M. and Sanchez, E. J. and Sandberg, V. and Sandeen, B. and Sanders, G. H. and Sanders, J. R. and Sassolas, B. and Sathyaprakash, B. S. and Saulson, P. R. and Sauter, O. and Savage, R. L. and Sawadsky, A. and Schale, P. and Schilling, R. and Schmidt, J. and Schmidt, P. and Schnabel, R. and Schofield, R. M. S. and Sch\"onbeck, A. and Schreiber, E. and Schuette, D. and Schutz, B. F. and Scott, J. and Scott, S. M. and Sellers, D. and Sengupta, A. S. and Sentenac, D. and Sequino, V. and Sergeev, A. and Serna, G. and Setyawati, Y. and Sevigny, A. and Shaddock, D. A. and Shaffer, T. and Shah, S. and Shahriar, M. S. and Shaltev, M. and Shao, Z. and Shapiro, B. and Shawhan, P. and Sheperd, A. and Shoemaker, D. H. and Shoemaker, D. M. and Siellez, K. and Siemens, X. and Sigg, D. and Silva, A. D. and Simakov, D. and Singer, A. and Singer, L. P. and Singh, A. and Singh, R. and Singhal, A. and Sintes, A. M. and Slagmolen, B. J. J. and Smith, J. R. and Smith, M. R. and Smith, N. D. and Smith, R. J. E. and Son, E. J. and Sorazu, B. and Sorrentino, F. and Souradeep, T. and Srivastava, A. K. and Staley, A. and Steinke, M. and Steinlechner, J. and Steinlechner, S. and Steinmeyer, D. and Stephens, B. C. and Stevenson, S. P. and Stone, R. and Strain, K. A. and Straniero, N. and Stratta, G. and Strauss, N. A. and Strigin, S. and Sturani, R. and Stuver, A. L. and Summerscales, T. Z. and Sun, L. and Sutton, P. J. and Swinkels, B. L. and Szczepa\ifmmode \acute{n}\else \'{n}\fi{}czyk, M. J. and Tacca, M. and Talukder, D. and Tanner, D. B. and T\'apai, M. and Tarabrin, S. P. and Taracchini, A. and Taylor, R. and Theeg, T. and Thirugnanasambandam, M. P. and Thomas, E. G. and Thomas, M. and Thomas, P. and Thorne, K. A. and Thorne, K. S. and Thrane, E. and Tiwari, S. and Tiwari, V. and Tokmakov, K. V. and Tomlinson, C. and Tonelli, M. and Torres, C. V. and Torrie, C. I. and T\"oyr\"a, D. and Travasso, F. and Traylor, G. and Trifir\`o, D. and Tringali, M. C. and Trozzo, L. and Tse, M. and Turconi, M. and Tuyenbayev, D. and Ugolini, D. and Unnikrishnan, C. S. and Urban, A. L. and Usman, S. A. and Vahlbruch, H. and Vajente, G. and Valdes, G. and Vallisneri, M. and van Bakel, N. and van Beuzekom, M. and van den Brand, J. F. J. and Van Den Broeck, C. and Vander-Hyde, D. C. and van der Schaaf, L. and van Heijningen, J. V. and van Veggel, A. A. and Vardaro, M. and Vass, S. and Vas\'uth, M. and Vaulin, R. and Vecchio, A. and Vedovato, G. and Veitch, J. and Veitch, P. J. and Venkateswara, K. and Verkindt, D. and Vetrano, F. and Vicer\'e, A. and Vinciguerra, S. and Vine, D. J. and Vinet, J.-Y. and Vitale, S. and Vo, T. and Vocca, H. and Vorvick, C. and Voss, D. and Vousden, W. D. and Vyatchanin, S. P. and Wade, A. R. and Wade, L. E. and Wade, M. and Waldman, S. J. and Walker, M. and Wallace, L. and Walsh, S. and Wang, G. and Wang, H. and Wang, M. and Wang, X. and Wang, Y. and Ward, H. and Ward, R. L. and Warner, J. and Was, M. and Weaver, B. and Wei, L.-W. and Weinert, M. and Weinstein, A. J. and Weiss, R. and Welborn, T. and Wen, L. and We\ss{}els, P. and Westphal, T. and Wette, K. and Whelan, J. T. and Whitcomb, S. E. and White, D. J. and Whiting, B. F. and Wiesner, K. and Wilkinson, C. and Willems, P. A. and Williams, L. and Williams, R. D. and Williamson, A. R. and Willis, J. L. and Willke, B. and Wimmer, M. H. and Winkelmann, L. and Winkler, W. and Wipf, C. C. and Wiseman, A. G. and Wittel, H. and Woan, G. and Worden, J. and Wright, J. L. and Wu, G. and Yablon, J. and Yakushin, I. and Yam, W. and Yamamoto, H. and Yancey, C. C. and Yap, M. J. and Yu, H. and Yvert, M. and Zadro\ifmmode \dot{z}\else \.{z}\fi{}ny, A. and Zangrando, L. and Zanolin, M. and Zendri, J.-P. and Zevin, M. and Zhang, F. and Zhang, L. and Zhang, M. and Zhang, Y. and Zhao, C. and Zhou, M. and Zhou, Z. and Zhu, X. J. and Zucker, M. E. and Zuraw, S. E. and Zweizig, J.},
  collaboration = {LIGO Scientific Collaboration and Virgo Collaboration},
  journal = {Phys. Rev. Lett.},
  volume = {116},
  issue = {6},
  pages = {061102},
  numpages = {16},
  year = {2016},
  month = {Feb},
  publisher = {American Physical Society},
  doi = {10.1103/PhysRevLett.116.061102},
  url = {https://link.aps.org/doi/10.1103/PhysRevLett.116.061102}
}

@online{intel-python,
author = {{Intel Software}},
title = {{The Intel Distribution for Python}},
year = 2018,
url = {https://software.intel.com/en-us/articles/intel-optimized-packages-for-the-intel-distribution-for-python},
urldate = {2018-07-25}
}

@ARTICLE{1991ApJ,
   author = {{Couchman}, H.M.P.},
    title = "{Mesh-refined P3M - A fast adaptive N-body algorithm}",
  journal = {Astrophysical Journal},
 keywords = {Computational Astrophysics, Computational Grids, Galactic Clusters, Many Body Problem, Particle Density (Concentration), Algorithms, Fourier Transformation},
     year = 1991,
    month = feb,
   volume = 368,
    pages = {L23-L26},
      doi = {10.1086/185939},
   adsurl = {http://adsabs.harvard.edu/abs/1991ApJ...368L..23C},
  adsnote = {Provided by the SAO/NASA Astrophysics Data System}
}
